@Article{bib:RGCCTU,
  author = 	 {Duncan {Temple Lang}},
  title = 	 {Working with meta-data from \C/\Cpp{} code in \R: the \Rpkg{RGCCTranslationUnit} package},
  journal = 	 {Computational Statistics},
  year = 	 2009,
  volume = 	 24,
  number = 	 2,
  pages = 	 {283-293}}





@Misc{bib:libclangSlides,
  author = 	 {Doug Gregor},
  title = 	 {libclang: {T}hinking {B}eyond the {C}ompiler},
  howpublished = {\url{llvm.org/devmtg/2010-11/Gregor-libclang.pdf}},
  month = 	 {November},
  year = 	 2010}



@Misc{bib:libclang,
  author = 	 {Chandler Carruth and Eric Christopher and Doug Gregor and  Anton Korobeynikov and Ted Kremenek and John McCall and Chad Rosier and Richard Smith},
  title = 	 {libclang: {\C/\Cpp} translation unit parser library},
  note = {\url{http://clang.llvm.org/docs/Tooling.html}},
  howpublished =  {\url{http://clang.llvm.org/doxygen/group__CINDEX.html}},
  year = 2007}





@Book{bib:lcc,
  author = 	 {David R. Hanson and  Christopher W. Fraser},
  title = 	 {A Retargetable C Compiler: Design and Implementation},
  publisher = 	 {Addison-Wesley},
  year = 	 {1995}
}


@Article{bib:SWIG,
  author = 	 {David M. Beazley},
  title = 	 {Automated scientific software scripting with {SWIG}},
  journal = 	 {Future Generation Computer Systems - Tools for program development and analysis},
  year = 	 2003,
  volume = 	 19,
  number = 	 5,
  pages = 	 {599-609},
  month = 	 {July}
}


@Misc{bib:SWinTypeLibs,
  author = 	 {Duncan {Temple Lang}},
  title = 	 {\Rpkg{SWinTypeLibs}: An \R{} package to read Windows type libraries},
  howpublished = {\url{http://www.omegahat.net/SWinTypeLibs}},
  year = 	 2003
}



@Misc{bib:RSXML,
  author = 	 {Duncan {Temple Lang}},
  title = 	 {\Rpkg{XML}: An \R{} package to parse and generate \XML{} content},
  howpublished = {\url{http://www.omegahat.net/RSXML}},
  month = 	 {December},
  year = 	 1999
}


@Misc{bib:rdyncall,
    title = {rdyncall: Improved Foreign Function Interface (FFI) and Dynamic Bindings
to C Libraries},
    author = {Daniel Adler},
    year = 2012,
    note = {R package version 0.7.5},
    url = {http://CRAN.R-project.org/package=rdyncall},
 }


 @Misc{bib:Rffi,
    title = {Rffi: Interface to libffi to dynamically invoke arbitrary
compiled routines at run-time without compiled bindings},
    author = {Duncan {Temple Lang}},
    url = {http://www.omegahat.net/Rffi},
    year = 2011,
    note = {R package version 0.3-0},
  }



@article{bib:LexicalScoping,
  author = {Robert Gentleman and Ross Ihaka},
  title = {Lexical Scope and Statistical Computing},
  journal = {Journal of Computational and Graphical Statistics},
  year = 2000,
  volume = 9,
  pages = {491--508},
  url = {http://www.amstat.org/publications/jcgs/}
}


@Article{bib:igraph,
    title = {The igraph software package for complex network research},
    author = {Gabor Csardi and Tamas Nepusz},
    journal = {InterJournal},
    volume = {Complex Systems},
    pages = {1695},
    year = {2006},
    url = {http://igraph.sf.net}
}

@Manual{bib:graphPkg,
    title = {graph: graph: A package to handle graph data structures},
    author = {R. Gentleman and Elizabeth Whalen and W. Huber and S. Falcon},
    note = {R package version 1.39.0},
    year = {2000}
}


@Manual{bib:GCC,
  title = 	 {Using the GNU Compiler Collection},
  author = 	 {Richard M. Stallman and others},
  organization = {Free Software Foundation},
  address = 	 {Boston},
  year = 	 2012,
  note = 	 {\url{http://gcc.gnu.org/}}}


@Manual{bib:codetools,
    title = {codetools: Code Analysis Tools for R},
    author = {Luke Tierney},
    year = {2011},
    note = {R package version 0.2-8},
    url = {http://CRAN.R-project.org/package=codetools},
  }